% This file was created with JabRef 2.10.
% Encoding: ISO8859_1


@Article{PhysRevLett.100.101101,
  Title                    = {{First Observation of the Greisen-Zatsepin-Kuzmin Suppression}},
  Author                   = {Abbasi, R. U. and Abu-Zayyad, T. and Allen, M. and Amman, J. F. and Archbold, G. and Belov, K. and Belz, J. W. and Ben Zvi, S. Y. and Bergman, D. R. and Blake, S. A. and Brusova, O. A. and Burt, G. W. and Cannon, C. and Cao, Z. and Connolly, B. C. and Deng, W. and Fedorova, Y. and Finley, C. B. and Gray, R. C. and Hanlon, W. F. and Hoffman, C. M. and Holzscheiter, M. H. and Hughes, G. and H\"untemeyer, P. and Jones, B. F and Jui, C. C. H. and Kim, K. and Kirn, M. A. and Loh, E. C. and Maestas, M. M. and Manago, N. and Marek, L. J. and Martens, K. and Matthews, J. A. J. and Matthews, J. N. and Moore, S. A. and O'Neill, A. and Painter, C. A. and Perera, L. and Reil, K. and Riehle, R. and Roberts, M. and Rodriguez, D. and Sasaki, N. and Schnetzer, S. R. and Scott, L. M. and Sinnis, G. and Smith, J. D. and Sokolsky, P. and Song, C. and Springer, R. W. and Stokes, B. T. and Thomas, S. B. and Thomas, J. R. and Thomson, G. B. and Tupa, D. and Westerhoff, S. and Wiencke, L. R. and Zhang, X. and Zech, A.},
  Journal                  = {Phys. Rev. Lett.},
  Year                     = {2008},

  Month                    = {Mar},
  Pages                    = {101101},
  Volume                   = {100},

  Collaboration            = {High Resolution Fly's Eye Collaboration},
  Doi                      = {10.1103/PhysRevLett.100.101101},
  Issue                    = {10},
  Numpages                 = {5},
  Publisher                = {American Physical Society},
  Url                      = {http://link.aps.org/doi/10.1103/PhysRevLett.100.101101}
}

@Article{PhysRevLett.104.091101,
  Title                    = {{Measurement of the Depth of Maximum of Extensive Air Showers above ${10}^{18}\text{\,}\text{\,}\mathrm{eV}$}},
  Author                   = {J. Abraham and others},
  Journal                  = {Phys. Rev. Lett.},
  Year                     = {2010},

  Month                    = {Mar},
  Pages                    = {091101},
  Volume                   = {104},

  Collaboration            = {Pierre Auger Collaboration},
  Doi                      = {10.1103/PhysRevLett.104.091101},
  Issue                    = {9},
  Numpages                 = {7},
  Publisher                = {American Physical Society},
  Url                      = {http://link.aps.org/doi/10.1103/PhysRevLett.104.091101}
}

@Article{Abreu201192,
  Title                    = {{Advanced functionality for radio analysis in the Offline software framework of the Pierre Auger Observatory}},
  Author                   = {Abreu},
  Journal                  = {Nuclear Instruments and Methods in Physics Research Section A: Accelerators, Spectrometers, Detectors and Associated Equipment},
  Year                     = {2011},
  Number                   = {1},
  Pages                    = {92 - 102},
  Volume                   = {635},

  Collaboration            = {Pierre Auger Collaboration},
  Doi                      = {10.1016/j.nima.2011.01.049},
  ISSN                     = {0168-9002},
  Keywords                 = {Cosmic rays},
  Url                      = {http://www.sciencedirect.com/science/article/pii/S0168900211001276}
}

@Article{Abreu2010314,
  Title                    = {{Update on the correlation of the highest energy cosmic rays with nearby extragalactic matter}},
  Author                   = {P. Abreu and M. Aglietta and E.J. Ahn and D. Allard and I. Allekotte and J. Allen and J. Alvarez Castillo and J. Alvarez-Muñiz and M. Ambrosio and A. Aminaei and L. Anchordoqui and S. Andringa and T. Anti?i? and A. Anzalone and C. Aramo and E. Arganda and K. Arisaka and F. Arqueros and H. Asorey and P. Assis and J. Aublin and M. Ave and M. Avenier and G. Avila and T. Bäcker and D. Badagnani and M. Balzer and K.B. Barber and A.F. Barbosa and R. Bardenet and S.L.C. Barroso and B. Baughman and J.J. Beatty and B.R. Becker and K.H. Becker and A. Bellétoile and J.A. Bellido and C. Berat and T. Bergmann and X. Bertou and P.L. Biermann and P. Billoir and F. Blanco and M. Blanco and C. Bleve and H. Blümer and M. Bohá?ová and D. Boncioli and C. Bonifazi and R. Bonino and N. Borodai and J. Brack and P. Brogueira and W.C. Brown and R. Bruijn and P. Buchholz and A. Bueno and R.E. Burton and N.G. Busca and K.S. Caballero-Mora and L. Caramete and R. Caruso and A. Castellina and O. Catalano and G. Cataldi and L. Cazon and R. Cester and J. Chauvin and A. Chiavassa and J.A. Chinellato and A. Chou and J. Chudoba and R.W. Clay and E. Colombo and M.R. Coluccia and R. Conceição and F. Contreras and H. Cook and M.J. Cooper and J. Coppens and A. Cordier and U. Cotti and S. Coutu and C.E. Covault and A. Creusot and A. Criss and J. Cronin and A. Curutiu and S. Dagoret-Campagne and R. Dallier and S. Dasso and K. Daumiller and B.R. Dawson and R.M. de Almeida and M. De Domenico and C. De Donato and S.J. de Jong and G. De La Vega and W.J.M. de Mello Junior and J.R.T. de Mello Neto and I. De Mitri and V. de Souza and K.D. de Vries and G. Decerprit and L. del Peral and O. Deligny and A. Della Selva and H. Dembinski and A. Denkiewicz and C. Di Giulio and J.C. Diaz and M.L. Díaz Castro and P.N. Diep and C. Dobrigkeit and J.C. D?Olivo and P.N. Dong and A. Dorofeev and J.C. dos Anjos and M.T. Dova and D. D?Urso and I. Dutan and J. Ebr and R. Engel and M. Erdmann and C.O. Escobar and A. Etchegoyen and P. Facal San Luis and H. Falcke and G. Farrar and A.C. Fauth and N. Fazzini and A.P. Ferguson and A. Ferrero and B. Fick and A. Filevich and A. Filip?i? and I. Fleck and S. Fliescher and C.E. Fracchiolla and E.D. Fraenkel and U. Fröhlich and B. Fuchs and W. Fulgione and R.F. Gamarra and S. Gambetta and B. García and D. García Gámez and D. Garcia-Pinto and X. Garrido and A. Gascon and G. Gelmini and H. Gemmeke and K. Gesterling and P.L. Ghia and U. Giaccari and M. Giller and H. Glass and M.S. Gold and G. Golup and F. Gomez Albarracin and M. Gómez Berisso and P. Gonçalves and D. Gonzalez and J.G. Gonzalez and B. Gookin and D. Góra and A. Gorgi and P. Gouffon and S.R. Gozzini and E. Grashorn and S. Grebe and M. Grigat and A.F. Grillo and Y. Guardincerri and F. Guarino and G.P. Guedes and J.D. Hague and P. Hansen and D. Harari and S. Harmsma and J.L. Harton and A. Haungs and T. Hebbeker and D. Heck and A.E. Herve and C. Hojvat and V.C. Holmes and P. Homola and J.R. Hörandel and A. Horneffer and M. Hrabovský and T. Huege and A. Insolia and F. Ionita and A. Italiano and S. Jiraskova and K. Kadija and M. Kaducak and K.H. Kampert and P. Karhan and T. Karova and P. Kasper and B. Kégl and B. Keilhauer and A. Keivani and J.L. Kelley and E. Kemp and R.M. Kieckhafer and H.O. Klages and M. Kleifges and J. Kleinfeller and J. Knapp and D.-H. Koang and K. Kotera and N. Krohm and O. Krömer and D. Kruppke-Hansen and F. Kuehn and D. Kuempel and J.K. Kulbartz and N. Kunka and G. La Rosa and C. Lachaud and P. Lautridou and M.S.A.B. Leão and D. Lebrun and P. Lebrun and M.A. Leigui de Oliveira and A. Lemiere and A. Letessier-Selvon and I. Lhenry-Yvon and K. Link and R. López and A. Lopez Agüera and K. Louedec and J. Lozano Bahilo and A. Lucero and M. Ludwig and H. Lyberis and M.C. Maccarone and C. Macolino and S. Maldera and D. Mandat and P. Mantsch and A.G. Mariazzi and V. Marin and I.C. Maris and H.R. Marquez Falcon and G. Marsella and D. Martello and L. Martin and O. Martínez Bravo and H.J. Mathes and J. Matthews and J.A.J. Matthews and G. Matthiae and D. Maurizio and P.O. Mazur and M. McEwen and G. Medina-Tanco and M. Melissas and D. Melo and E. Menichetti and A. Menshikov and C. Meurer and S. Mi?anovi? and M.I. Micheletti and W. Miller and L. Miramonti and S. Mollerach and M. Monasor and D. Monnier Ragaigne and F. Montanet and B. Morales and C. Morello and E. Moreno and J.C. Moreno and C. Morris and M. Mostafá and S. Mueller and M.A. Muller and M. Münchmeyer and R. Mussa and G. Navarra and J.L. Navarro and S. Navas and P. Necesal and L. Nellen and P.T. Nhung and N. Nierstenhoefer and D. Nitz and D. Nosek and L. No?ka and M. Nyklicek and J. Oehlschläger and A. Olinto and P. Oliva and V.M. Olmos-Gilbaja and M. Ortiz and N. Pacheco and D. Pakk Selmi-Dei and M. Palatka and J. Pallotta and N. Palmieri and G. Parente and E. Parizot and A. Parra and J. Parrisius and R.D. Parsons and S. Pastor and T. Paul and V. Pavlidou and K. Payet and M. Pech and J. Pe¸kala and R. Pelayo and I.M. Pepe and L. Perrone and R. Pesce and E. Petermann and S. Petrera and P. Petrinca and A. Petrolini and Y. Petrov and J. Petrovic and C. Pfendner and N. Phan and R. Piegaia and T. Pierog and M. Pimenta and V. Pirronello and M. Platino and V.H. Ponce and M. Pontz and P. Privitera and M. Prouza and E.J. Quel and J. Rautenberg and O. Ravel and D. Ravignani and B. Revenu and J. Ridky and S. Riggi and M. Risse and P. Ristori and H. Rivera and C. Rivière and V. Rizi and C. Robledo and G. Rodriguez and J. Rodriguez Martino and J. Rodriguez Rojo and I. Rodriguez-Cabo and M.D. Rodríguez-Frías and G. Ros and J. Rosado and T. Rossler and M. Roth and B. Rouillé-d?Orfeuil and E. Roulet and A.C. Rovero and F. Salamida and H. Salazar and G. Salina and F. Sánchez and M. Santander and C.E. Santo and E. Santos and E.M. Santos and F. Sarazin and S. Sarkar and R. Sato and N. Scharf and V. Scherini and H. Schieler and P. Schiffer and A. Schmidt and F. Schmidt and T. Schmidt and O. Scholten and H. Schoorlemmer and J. Schovancova and P. Schovánek and F. Schroeder and S. Schulte and F. Schüssler and D. Schuster and S.J. Sciutto and M. Scuderi and A. Segreto and M. Settimo and A. Shadkam and R.C. Shellard and I. Sidelnik and G. Sigl and A. ?mia?kowski and R. ?mída and G.R. Snow and P. Sommers and J. Sorokin and H. Spinka and R. Squartini and J. Stapleton and J. Stasielak and M. Stephan and E. Strazzeri and A. Stutz and F. Suarez and T. Suomijärvi and A.D. Supanitsky and T. ?u?a and M.S. Sutherland and J. Swain and Z. Szadkowski and A. Tamashiro and A. Tapia and T. Tarutina and O. Ta?c?u and R. Tcaciuc and D. Tcherniakhovski and D. Tegolo and N.T. Thao and D. Thomas and J. Tiffenberg and C. Timmermans and D.K. Tiwari and W. Tkaczyk and C.J. Todero Peixoto and B. Tomé and A. Tonachini and P. Travnicek and D.B. Tridapalli and G. Tristram and E. Trovato and M. Tueros and R. Ulrich and M. Unger and M. Urban and J.F. Valdés Galicia and I. Valiño and L. Valore and A.M. van den Berg and B. Vargas Cárdenas and J.R. Vázquez and R.A. Vázquez and D. Veberi? and T. Venters and V. Verzi and M. Videla and L. Villaseñor and H. Wahlberg and P. Wahrlich and O. Wainberg and D. Warner and A.A. Watson and K. Weidenhaupt and A. Weindl and B.J. Whelan and G. Wieczorek and L. Wiencke and B. Wilczy?ska and H. Wilczy?ski and M. Will and C. Williams and T. Winchen and L. Winders and M.G. Winnick and M. Wommer and B. Wundheiler and T. Yamamoto and P. Younk and G. Yuan and A. Yushkov and B. Zamorano and E. Zas and D. Zavrtanik and M. Zavrtanik and I. Zaw and A. Zepeda and M. Ziolkowski},
  Journal                  = {Astroparticle Physics},
  Year                     = {2010},
  Number                   = {5},
  Pages                    = {314 - 326},
  Volume                   = {34},

  Doi                      = {10.1016/j.astropartphys.2010.08.010},
  ISSN                     = {0927-6505},
  Keywords                 = {Cosmic rays},
  Url                      = {http://www.sciencedirect.com/science/article/pii/S0927650510001696}
}

@Misc{satreco2008,
  Title                    = {{Recovery of saturated signals of the surface detector}},

  Author                   = {M. Aglietta and I. De Mitri and S. Maglio and S. Maldera and I. C. Maris and D. Martello and G. Navarra and M. Roth},
  HowPublished             = {Auger internal note GAP-2008-030},
  Year                     = {2008},

  Owner                    = {alex},
  Timestamp                = {2012.02.27}
}

@Misc{1105.0131,
  Title                    = {{Cosmic rays in galactic and extragalactic magnetic fields}},

  Author                   = {Felix Aharonian and Andrei Bykov and Etienne Parizot and Vladimir Ptuskin and Alan Watson},
  HowPublished             = {arXiv:1105.0131},
  Year                     = {2011},

  Doi                      = {10.1007/s11214-011-9770-3},
  Eprint                   = {arXiv:1105.0131}
}

@Misc{xmaxunger2009,
  Title                    = {{Measurement of the Depth of Shower Maximum of Cosmic Rays above 1e18 eV}},

  Author                   = {E. J. Ahn and J. Bellido and S. BenZvi and R. Engel and F. Schuessler and R. Ulrich and M. Unger},
  HowPublished             = {Auger internal note GAP-2009-078},
  Year                     = {2009},

  Owner                    = {alex},
  Timestamp                = {2012.01.14}
}

@Misc{1104.0329,
  Title                    = {{Ultra High Energy Cosmic Rays Propagation and Spectrum}},

  Author                   = {Roberto Aloisio},
  HowPublished             = {arXiv:1104.0329},
  Year                     = {2011},

  Eprint                   = {arXiv:1104.0329}
}

@Article{Aloisio:2013hya,
  Title                    = {{Ultra high energy cosmic rays: implications of Auger
 data for source spectra and chemical composition}},
  Author                   = {Aloisio, R. and Berezinsky, V. and Blasi, P.},
  Journal                  = {JCAP},
  Year                     = {2014},
  Number                   = {10},
  Pages                    = {020},
  Volume                   = {1410},

  Archiveprefix            = {arXiv},
  Doi                      = {10.1088/1475-7516/2014/10/020},
  Eprint                   = {1312.7459},
  Primaryclass             = {astro-ph.HE},
  Slaccitation             = {%%CITATION = ARXIV:1312.7459;%%}
}

@Misc{pacini,
  Title                    = {{Domenico Pacini, the forgotten pioneer of the discovery of cosmic rays}},

  Author                   = {Alessandro De Angelis and Nicola Giglietto and Sebastiano Stramaglia},
  HowPublished             = {arXiv:1002.2888},
  Year                     = {2010},

  Eprint                   = {arXiv:1002.2888}
}

@Article{Antoni20051,
  Title                    = {{KASCADE measurements of energy spectra for elemental groups of cosmic rays: Results and open problems}},
  Author                   = {T. Antoni and W.D. Apel and A.F. Badea and K. Bekk and A. Bercuci and J. Blümer and H. Bozdog and I.M. Brancus and A. Chilingarian and K. Daumiller and P. Doll and R. Engel and J. Engler and F. Feßler and H.J. Gils and R. Glasstetter and A. Haungs and D. Heck and J.R. Hörandel and K.-H. Kampert and H.O. Klages and G. Maier and H.J. Mathes and H.J. Mayer and J. Milke and M. Müller and R. Obenland and J. Oehlschläger and S. Ostapchenko and M. Petcu and H. Rebel and A. Risse and M. Risse and M. Roth and G. Schatz and H. Schieler and J. Scholz and T. Thouw and H. Ulrich and J. van Buren and A. Vardanyan and A. Weindl and J. Wochele and J. Zabierowski},
  Journal                  = {Astroparticle Physics},
  Year                     = {2005},
  Number                   = {1-2},
  Pages                    = {1 - 25},
  Volume                   = {24},

  Doi                      = {10.1016/j.astropartphys.2005.04.001},
  ISSN                     = {0927-6505},
  Url                      = {http://www.sciencedirect.com/science/article/pii/S0927650505000691}
}

@Article{Antoni2002373,
  Title                    = {{Muon density measurements with the KASCADE central detector}},
  Author                   = {T Antoni and W.D Apel and F Badea and K Bekk and K Bernloehr and H Bluemer and E Bollmann and H Bozdog and I.M Brancus and C Buettner and A Chilingarian and K Daumiller and P Doll and J Engler and F Fessler and H.J Gils and R Glasstetter and R Haeusler and A Haungs and D Heck and T Holst and J.R Hoerandel and K.-H Kampert and J Kempa and H.O Klages and J Knapp and K.U Koehler and G Maier and H.-J Mathes and H.J Mayer and J Milke and M Mueller and J Oehlschlaeger and M Petcu and H Rebel and M Risse and M Roth and G Schatz and J Scholz and S.H Sokhoyan and T Thouw and H Ulrich and B Vulpescu and J.H Weber and J Wentz and J Wochele and J Zabierowski and S Zagromski},
  Journal                  = {Astroparticle Physics},
  Year                     = {2002},
  Number                   = {4},
  Pages                    = {373 - 386},
  Volume                   = {16},

  Doi                      = {10.1016/S0927-6505(01)00120-7},
  ISSN                     = {0927-6505},
  Keywords                 = {Cosmic rays},
  Url                      = {http://www.sciencedirect.com/science/article/pii/S0927650501001207}
}

@Article{kaskade2ndknee,
  Title                    = {{Kneelike Structure in the Spectrum of the Heavy Component of Cosmic Rays Observed with KASCADE-Grande}},
  Author                   = {Apel, W. D. and Arteaga-Vel\'azquez, J. C. and Bekk, K. and Bertaina, M. and Blümer, J. and Bozdog, H. and Brancus, I. M. and Buchholz, P. and Cantoni, E. and Chiavassa, A. and Cossavella, F. and Daumiller, K. and de Souza, V. and Di Pierro, F. and Doll, P. and Engel, R. and Engler, J. and Finger, M. and Fuhrmann, D. and Ghia, P. L. and Gils, H. J. and Glasstetter, R. and Grupen, C. and Haungs, A. and Heck, D. and Hörandel, J. R. and Huber, D. and Huege, T. and Isar, P. G. and Kampert, K.-H. and Kang, D. and Klages, H. O. and Link, K. and \L{}uczak, P. and Ludwig, M. and Mathes, H. J. and Mayer, H. J. and Melissas, M. and Milke, J. and Mitrica, B. and Morello, C. and Navarra, G. and Oehlschläger, J. and Ostapchenko, S. and Over, S. and Palmieri, N. and Petcu, M. and Pierog, T. and Rebel, H. and Roth, M. and Schieler, H. and Schröder, F. G. and Sima, O. and Toma, G. and Trinchero, G. C. and Ulrich, H. and Weindl, A. and Wochele, J. and Wommer, M. and Zabierowski, J.},
  Journal                  = {Phys. Rev. Lett.},
  Year                     = {2011},

  Month                    = {Oct},
  Pages                    = {171104},
  Volume                   = {107},

  Collaboration            = {KASCADE-Grande Collaboration},
  Doi                      = {10.1103/PhysRevLett.107.171104},
  Issue                    = {17},
  Numpages                 = {5},
  Publisher                = {American Physical Society},
  Url                      = {http://link.aps.org/doi/10.1103/PhysRevLett.107.171104}
}

@Misc{aveprivate,
  Title                    = {{Private Communication about updates to the shower universality reconstruction}},

  Author                   = {Maximo Ave},
  Month                    = {12},
  Year                     = {2014},

  Owner                    = {alex},
  Timestamp                = {2015.11.10}
}

@Misc{AveGAP2013086,
  Title                    = {{On the feasibility of photon searches using $X_\text{max}^\text{SD}$}},

  Author                   = {Maximo Ave},
  HowPublished             = {Auger internal note GAP-2013-086},
  Year                     = {2013},

  Journal                  = {GAP-note},
  Owner                    = {alex},
  Timestamp                = {2015.01.02}
}

@Misc{AveGAP2012141,
  Title                    = {{Ground signal parameterization for water Cherenkov and scintillator detectors and performance of ground arrays that combine both techniques}},

  Author                   = {Maximo Ave},
  HowPublished             = {Auger internal note GAP-2012-141},
  Year                     = {2012},

  Journal                  = {GAP-note},
  Owner                    = {alex},
  Timestamp                = {2015.01.02}
}

@Misc{AveGAP2013075,
  Title                    = {{Preliminary results for the Xmax reconstruction using SD vertical events}},

  Author                   = {M. Ave and I. Allekotte and X. Bertou and R. Engel and M. Roth},
  HowPublished             = {Auger internal note GAP-2013-075},
  Year                     = {2013},

  Journal                  = {GAP-note},
  Owner                    = {alex},
  Timestamp                = {2015.01.02}
}

@Misc{AveGAP2013067,
  Title                    = {{Alternative shower reconstruction for SD vertical events}},

  Author                   = {M. Ave and X. Bertou},
  HowPublished             = {Auger internal note GAP-2013-067},
  Year                     = {2013},

  Journal                  = {GAP-note},
  Owner                    = {alex},
  Timestamp                = {2015.01.02}
}

@Misc{AveGAP2013109,
  Title                    = {{(Energy,Nmu,Xmax) from the Bariloche reconstruction}},

  Author                   = {M. Ave and X. Bertou and R. Engel and D. Maurel and M. Roth and A. Schulz},
  HowPublished             = {Auger internal note GAP-2013-109},
  Year                     = {2013},

  Journal                  = {GAP-note},
  Owner                    = {alex},
  Timestamp                = {2015.01.02}
}

@Misc{AveGAP2013072,
  Title                    = {{A model for the time-dependent signal in water Cherenkov detectors}},

  Author                   = {M. Ave and X. Bertou and R. Engel and M. Roth},
  HowPublished             = {Auger internal note GAP-2013-072},
  Year                     = {2013},

  Journal                  = {GAP-note},
  Owner                    = {alex},
  Timestamp                = {2015.01.02}
}

@Misc{AveGAP2011087,
  Title                    = {{Prediction of the tank response $S(r, \text{DX}, E \vert \theta, \phi)$ from shower universality}},

  Author                   = {M. Ave and R. Engel and J. Gonzalez and D.Heck and D. Maurel and T. Pierog and M. Roth},
  HowPublished             = {Auger internal note GAP-2011-087},
  Year                     = {2011},

  Journal                  = {GAP-note},
  Owner                    = {alex},
  Timestamp                = {2015.01.02}
}

@Misc{AveGAP2011086,
  Title                    = {{Tabulated response of the Auger surface detector}},

  Author                   = {M. Ave and R. Engel and J. Gonzalez and D. Maurel and M. Roth},
  HowPublished             = {Auger internal note GAP-2011-086},
  Year                     = {2011},

  Journal                  = {GAP-note},
  Owner                    = {alex},
  Timestamp                = {2015.01.02}
}

@Misc{AveGAP2011090,
  Title                    = {{Number of muons from Auger data}},

  Author                   = {M. Ave and R. Engel and I.C. Maris and D. Maurel and M. Roth},
  HowPublished             = {Auger internal note GAP-2011-090},
  Year                     = {2011},

  Journal                  = {GAP-note},
  Owner                    = {alex},
  Timestamp                = {2015.01.02}
}

@Misc{AveGAP2013112,
  Title                    = {{Studies of anisotropies with composition discrimination using $X^{SD}_{max}$ of SD events obtained with the Bariloche reconstruction}},

  Author                   = {Maximo Ave and Diego Harari and Silvia Mollerach and Esteban Roulet},
  HowPublished             = {Auger internal note GAP-2013-112},
  Year                     = {2013},

  Journal                  = {GAP-note},
  Owner                    = {alex},
  Timestamp                = {2015.01.02}
}

@Misc{AveGAP2013089,
  Title                    = {{Preliminary results in the search for a proton fraction component at high energies using Xmax from SD}},

  Author                   = {M. Ave and S. Mollerach and E. Roulet},
  HowPublished             = {Auger internal note GAP-2013-089},
  Year                     = {2013},

  Journal                  = {GAP-note},
  Owner                    = {alex},
  Timestamp                = {2015.01.02}
}

@Misc{berezinskycr,
  Title                    = {{Transition from galactic to extragalactic cosmic rays}},

  Author                   = {V. Berezinsky},
  HowPublished             = {arXiv:0710.2750v2},
  Month                    = {10},
  Year                     = {2007},

  File                     = {:/home/alex/auger/thesis/0710.2750v2.pdf:PDF},
  Journal                  = {arXiv},
  Owner                    = {alex},
  Timestamp                = {2011.12.19},
  Url                      = {http://arxiv.org/abs/0710.2750v2}
}

@Misc{billoirtotd2009,
  Title                    = {{Proposition to improve the local trigger of the Surface Detector for low energy showers}},

  Author                   = {P. Billoir},
  HowPublished             = {Auger internal note GAP-2009-179},
  Year                     = {2009},

  Owner                    = {alex},
  Timestamp                = {2011.12.29}
}

@Misc{billoirtotd2011,
  Title                    = {{First results of the ToTd trigger in the test hexagon}},

  Author                   = {P. Billoir and P. Ghia and D. Nitz and R. Sato},
  HowPublished             = {Auger internal note GAP-2011-032},
  Year                     = {2011},

  Owner                    = {alex},
  Timestamp                = {2011.12.29}
}

@Misc{billoirmultievent,
  Title                    = {{Multi event fit for the LDF}},

  Author                   = {Pierre Billoir and Antoine Letessier-Selvon and Carla Macolino},
  HowPublished             = {Auger collaboration meeting},
  Year                     = {2011},

  Owner                    = {alex},
  Timestamp                = {2012.01.08}
}

@Misc{xmax2012,
  Title                    = {{The Non-Linearity Between $\langle \ln A \rangle$ and $\langle X_\mathrm{max} \rangle $ Induced by the Acceptance of Fluorescence Telescopes}},

  Author                   = {Lorenzo Cazon and Ralf Ulrich},
  HowPublished             = {Auger internal note GAP-2012-015},
  Year                     = {2012},

  Owner                    = {alex},
  Timestamp                = {2012.02.08}
}

@Misc{ecaldembinski2010,
  Title                    = {{P.d.f. based energy calibration of the Infill}},

  Author                   = {Hans Dembinski},
  HowPublished             = {Auger collaboration meeting presentation},
  Year                     = {2011},

  Owner                    = {alex},
  Timestamp                = {2012.01.14}
}

@Misc{cicdembinski2011,
  Title                    = {{Constant Intensity Cut method revisited: Uncertainty calculation with the Bootstrap}},

  Author                   = {Dembinski, H. and Roth, M.},
  HowPublished             = {Auger internal note GAP-2011-074},
  Year                     = {2011},

  Owner                    = {alex},
  Timestamp                = {2012.01.02}
}

@InProceedings{icrc2011spectrum,
  Title                    = {{Update on the measurement of the CR energy spectrum above $10^{18}$ eV made using the Pierre Auger Observatory}},
  Author                   = {{F. Salamida \textit{et al.} (Pierre Auger Collab.)}},
  Booktitle                = {Proc. 32nd Int. Cosmic Ray Conf.},
  Year                     = {2011},

  Address                  = {Rio de Janeiro, Brazil},
  Organization             = {Pierre Auger Collaboration},

  Owner                    = {alex},
  Timestamp                = {2012.02.16}
}

@Misc{firstheatdata2010,
  Title                    = {{A First Look at HEAT Data}},

  Author                   = {S. Falk and D. Kruppke-Hansen and H.-J. Mathes and S. Müller and R. Ulrich and M. Unger},
  HowPublished             = {Auger internal note GAP-2010-123},
  Year                     = {2010},

  Owner                    = {alex},
  Timestamp                = {2011.12.29}
}

@Article{Fermi1949,
  Title                    = {{On the Origin of the Cosmic Radiation}},
  Author                   = {Fermi, ENRICO},
  Journal                  = {Phys. Rev.},
  Year                     = {1949},

  Month                    = {Apr},
  Pages                    = {1169--1174},
  Volume                   = {75},

  Doi                      = {10.1103/PhysRev.75.1169},
  Issue                    = {8},
  Publisher                = {American Physical Society},
  Url                      = {http://link.aps.org/doi/10.1103/PhysRev.75.1169}
}

@Book{goethefaust,
  Title                    = {{Faust: Der Tragoedie erster Teil}},
  Author                   = {Goethe, Johann Wolfgang},
  Editor                   = {Goethe, Johann Wolfgang},
  Publisher                = {Goethe, Johann Wolfgang},
  Year                     = {1808},

  Owner                    = {alex},
  Timestamp                = {2011.12.19}
}

@Misc{hillascr,
  Title                    = {{Cosmic Rays: Recent Progress and some Current Questions}},

  Author                   = {A. M. Hillas},
  HowPublished             = {arXiv:astro-ph/0607109},
  Year                     = {2006},

  __markedentry            = {[alex:6]},
  Eprint                   = {arXiv:astro-ph/0607109},
  Journal                  = {arXiv},
  Url                      = {http://arxiv.org/abs/astro-ph/0607109v2}
}

@Misc{hillersigunc2012,
  Title                    = {{An update on the signal accuracy using the infill array}},

  Author                   = {Roman Hiller and Markus Roth},
  HowPublished             = {Auger internal note GAP-2012-012},
  Year                     = {2012},

  Owner                    = {alex},
  Timestamp                = {2012.01.26}
}

@Book{Hoaglin1983,
  Title                    = {Understanding Robust and Exploratory Data Analysis},
  Author                   = {Hoaglin, David C. and Frederick Mosteller and John W. Tukey},
  Publisher                = {John Wiley and Sons},
  Year                     = {1983},

  Owner                    = {alex},
  Timestamp                = {2015.10.06}
}

@Article{JoergR2004241,
  Title                    = {{Models of the knee in the energy spectrum of cosmic rays}},
  Author                   = {Joerg Hoerandel},
  Journal                  = {Astroparticle Physics},
  Year                     = {2004},
  Number                   = {3},
  Pages                    = {241 - 265},
  Volume                   = {21},

  Doi                      = {10.1016/j.astropartphys.2004.01.004},
  ISSN                     = {0927-6505},
  Keywords                 = {Cosmic rays},
  Url                      = {http://www.sciencedirect.com/science/article/pii/S0927650504000209}
}

@InProceedings{jeffallen2011,
  Title                    = {{Interpretation of the signals produced by showers from cosmic rays of 1E19 eV observed in the surface detectors of the Pierre Auger Observatory}},
  Author                   = {{J. Allen \textit{et al.} (Pierre Auger Collab.)}},
  Booktitle                = {Proc. 32nd Int. Cosmic Ray Conf.},
  Year                     = {2011},

  Address                  = {Beijing, China},

  HowPublished             = {International Cosmic Ray Conference 2011},
  Owner                    = {alex},
  Timestamp                = {2012.02.23}
}

@Article{J2005387,
  Title                    = {{A Heitler model of extensive air showers}},
  Author                   = {J.Matthews},
  Journal                  = {Astroparticle Physics},
  Year                     = {2005},
  Number                   = {5-6},
  Pages                    = {387 - 397},
  Volume                   = {22},

  Doi                      = {10.1016/j.astropartphys.2004.09.003},
  ISSN                     = {0927-6505},
  Keywords                 = {Cosmic rays},
  Url                      = {http://www.sciencedirect.com/science/article/pii/S0927650504001598}
}

@Article{Kampert:2014eja,
  Title                    = {{Cosmic rays from the ankle to the cutoff}},
  Author                   = {Kampert, Karl-Heinz and Tinyakov, Peter},
  Journal                  = {Comptes Rendus Physique},
  Year                     = {2014},
  Pages                    = {318-328},
  Volume                   = {15},

  Archiveprefix            = {arXiv},
  Doi                      = {10.1016/j.crhy.2014.04.006},
  Eprint                   = {1405.0575},
  Primaryclass             = {astro-ph.HE},
  Slaccitation             = {%%CITATION = ARXIV:1405.0575;%%}
}

@Article{Kido:2013hvr,
  Title                    = {{Constraining UHECR source models by the TA SD energy
 spectrum}},
  Author                   = {Kido, E. and Kalashev, O.E.},
  Year                     = {2013},

  Archiveprefix            = {arXiv},
  Collaboration            = {Telescope Array Collaboration},
  Eprint                   = {1310.6093},
  Primaryclass             = {astro-ph.HE},
  Slaccitation             = {%%CITATION = ARXIV:1310.6093;%%}
}

@Misc{lachaud2003,
  Title                    = {{Local Stations Trigger Monitoring Files}},

  Author                   = {Cyril Lachaud and Xavier Bertou},
  HowPublished             = {Auger internal note GAP-2003-046},
  Year                     = {2003},

  Owner                    = {alex},
  Timestamp                = {2012.01.24}
}

@Misc{lhenry2010,
  Title                    = {{The communications crisis in 2009: proposal for handling data between June and November}},

  Author                   = {Isabelle Lhenry-Yvon and Piera Ghia},
  HowPublished             = {Auger internal note GAP-2010-020},
  Year                     = {2010},

  Owner                    = {alex},
  Timestamp                = {2012.01.24}
}

@Misc{lhenry2008,
  Title                    = {{Study of consistency of T2 files with SD event rate: an attempt to evaluate a source of uncertainty in SD exposure}},

  Author                   = {Isabelle Lhenry-Yvon and Piera Luisa Ghia},
  HowPublished             = {Auger internal note GAP-2008-135},
  Year                     = {2008},

  Owner                    = {alex},
  Timestamp                = {2012.01.24}
}

@Misc{combinespectra2007,
  Title                    = {{Combining the energy spectra measured at the Pierre Auger Observatory}},

  Author                   = {I.C. Maris and M. Roth and F. Schuessler and M. Unger},
  HowPublished             = {Auger internal note GAP-2007-090},
  Year                     = {2007},

  Owner                    = {alex},
  Timestamp                = {2012.02.05}
}

@Misc{ecalcutsmaris2011,
  Title                    = {{Energy calibration: quality cuts}},

  Author                   = {Ioana C. Maris},
  Month                    = {11},
  Year                     = {2011},

  Owner                    = {alex},
  Timestamp                = {2012.01.14}
}

@PhdThesis{phdmaurel,
  Title                    = {{Mass composition of ultra-high energy cosmic rays based on air shower universality}},
  Author                   = {Detlef Maurel},
  School                   = {Karlsruhe Institute of Technology},
  Year                     = {2013},
  Type                     = {Dissertation},

  Owner                    = {alex},
  Timestamp                = {2014.12.10}
}

@Misc{MaurelGAP2013022,
  Title                    = {{Extended shower universality: A model of the time-dependent signal in water Cerenkov tanks}},

  Author                   = {D. Maurel and M. Ave and J. Gonzalez and M. Roth},
  HowPublished             = {Auger internal note GAP-2013-022},
  Year                     = {2013},

  Journal                  = {GAP-note},
  Owner                    = {alex},
  Timestamp                = {2015.01.02}
}

@Article{astro-ph/0512536,
  Title                    = {{Muon production in extensive air showers and its relation to hadronic interactions}},
  Author                   = {C.~ Meurer and J.~ Bluemer and R.~ Engel and A.~ Haungs and M.~ Roth},
  Journal                  = {CZECH.J.PHYS.},
  Year                     = {2006},
  Pages                    = {A211},
  Volume                   = {56},

  Url                      = {http://www.citebase.org/abstract?id=oai:arXiv.org:astro-ph/0512536}
}

@MastersThesis{MocklerMaster2014,
  Title                    = {{The first measurement of an energy spectrum at 0.1 EeV with the Surface Detector of the Pierre Auger Observatory}},
  Author                   = {Daniela Mockler},
  School                   = {Karlsruhe Institute of Technology},
  Year                     = {2014},

  Address                  = {Karlsruhe},
  Month                    = {10},

  Owner                    = {alex},
  Timestamp                = {2015.01.01}
}

@Misc{acceptanceurl,
  Author                   = {{Official web page of the Acceptance Group of the Pierre Auger Collaboration}},
  Note                     = {\url{http://ipnwww.in2p3.fr/~augers/AugerProtected/AcceptMain.html}},

  Owner                    = {alex},
  Timestamp                = {2012.02.21}
}

@Misc{observerurl,
  Author                   = {{Official web page of the Auger Observer}},
  Note                     = {\url{http://augerobserver.fzk.de/doku.php?id=datatree:root}},

  Owner                    = {alex},
  Timestamp                = {2011.12.30}
}

@Misc{1010.2690,
  Title                    = {{Final Results from the High Resolution Fly's Eye (HiRes) Experiment}},

  Author                   = {{P. Sokolsky for the HiRes Collaboration}},
  HowPublished             = {arXiv:1010.2690},
  Year                     = {2010},

  Eprint                   = {arXiv:1010.2690}
}

@Article{Penzias1965,
  Title                    = {{A Measurement of Excess Antenna Temperature at 4080 Mc/s}},
  Author                   = {A Penzias and R Wilson},
  Journal                  = {Astrophysical Journal},
  Year                     = {1965},

  Month                    = jul,
  Pages                    = {419-421},
  Volume                   = {142},

  Adsnote                  = {Provided by the SAO/NASA Astrophysics Data System},
  Adsurl                   = {http://adsabs.harvard.edu/abs/1965ApJ...142..419P},
  Doi                      = {10.1086/148307},
  Keywords                 = {Microwave Background, Cosmic Background Radiation}
}

@Book{astroperkins,
  Title                    = {{Particle Astrophysics}},
  Author                   = {Donald Perkins},
  Publisher                = {Oxford University Press},
  Year                     = {2003},

  Address                  = {Oxford University Press Inc., New York},

  Owner                    = {alex},
  Timestamp                = {2011.12.19}
}

@Misc{0808.0367,
  Title                    = {{Physical conditions in potential sources of ultra-high-energy cosmic rays: Updated Hillas plot and radiation-loss constraints}},

  Author                   = {Ksenia Ptitsyna and Sergey Troitsky},
  HowPublished             = {Physics - Uspekhi53:691-701, 2010},
  Year                     = {2008},

  Doi                      = {10.3367/UFNe.0180.201007c.0723},
  Eprint                   = {arXiv:0808.0367}
}

@Misc{RavignaniT32012,
  Title                    = {{Study of T3 errors and lost events in the infill array}},

  Author                   = {Diego Ravignani and Hugo Rivera and Piera Ghia and Isabelle Lhenry-Yvon},
  HowPublished             = {Auger internal note GAP-2011-136},
  Month                    = {01},
  Year                     = {2012},

  Owner                    = {alex},
  Timestamp                = {2012.01.15}
}

@Misc{FarrarRoberts2012,
  Title                    = {{Another look at energy reconstruction systematics}},

  Author                   = {Jonathan P. Roberts and Glennys R. Farrar},
  HowPublished             = {Auger internal note GAP-2012-096},
  Year                     = {2012},

  Journal                  = {GAP-note},
  Owner                    = {alex},
  Timestamp                = {2012.11.19}
}

@Misc{schmidt2010,
  Title                    = {{Measurement of the Flux of Ultra High Energy Cosmic Rays using very inclined Extensive Air Showers measured at the Pierre Auger Observatory}},

  Author                   = {Talianna Schmidt},
  HowPublished             = {Auger internal note GAP-2010-046},
  Year                     = {2010},

  Owner                    = {alex},
  Timestamp                = {2012.01.02}
}

@MastersThesis{ASThesis2012,
  Title                    = {{Measurement of the Energy Spectrum of Cosmic Rays between 0.1 EeV and 30 EeV with the Infill Extension of the Surface Detector of the Pierre Auger Observatory}},
  Author                   = {Alexander Schulz},
  School                   = {Karlsruhe Institute of Technology},
  Year                     = {2012},

  Owner                    = {alex},
  Timestamp                = {2012.11.19}
}

@Misc{Schulz2014013,
  Title                    = {{Search for a declination dependence in the flux of cosmic rays}},

  Author                   = {Alexander Schulz and Hans Dembinski and Markus Roth},
  HowPublished             = {Auger internal note GAP-2014-013},
  Year                     = {2014},

  Journal                  = {GAP-note},
  Owner                    = {alex},
  Timestamp                = {2015.01.07}
}

@Misc{SchulzEScale2013,
  Title                    = {{Time dependence of the SD energy scale: Analysis with an extended CIC}},

  Author                   = {Alexander Schulz and Hans Dembinski and Markus Roth},
  HowPublished             = {Auger internal note GAP-2013-039},
  Year                     = {2013},

  Journal                  = {GAP-note},
  Owner                    = {alex},
  Timestamp                = {2012.11.19}
}

@Misc{Scipy,
  Author                   = {{Scipy - A Python library for scientific calculations}},
  Note                     = {\url{http://www.scipy.org/}},

  Owner                    = {alex},
  Timestamp                = {2015.01.05}
}

@Article{TaAPJ2013,
  Title                    = {{The Cosmic Ray Energy Spectrum Observed with the Surface Detector of the Telescope Array Experiment}},
  Author                   = {{T. Abu-Zayyad et al.}},
  Journal                  = {Astrophysical Journal},
  Year                     = {2013},
  Volume                   = {768},

  Owner                    = {alex},
  Timestamp                = {2014.02.12}
}

@Misc{1109.0267,
  Title                    = {{Chandra observations of AGN-candidates correlated with Auger UHECRs}},

  Author                   = {William A. Terrano and Ingyin Zaw and Glennys R. Farrar},
  HowPublished             = {arXiv:1109.0267},
  Year                     = {2011},

  Eprint                   = {arXiv:1109.0267}
}

@Misc{aera2009,
  Title                    = {{AERA proposal for the construction of the 20 $km^2$ Auger Engineering Radio Array at the Southern Auger Observatory}},

  Author                   = {{The AERA Group}},
  HowPublished             = {Auger internal note GAP-2009-172},
  Year                     = {2009},

  Owner                    = {alex},
  Timestamp                = {2011.12.29}
}

@Misc{amigastatus,
  Title                    = {{AMIGA Status Report 2011}},

  Author                   = {{The AMIGA Group}},
  HowPublished             = {Auger internal note GAP-2011-120},
  Year                     = {2011},

  Journal                  = {Gap Note},
  Owner                    = {alex},
  Timestamp                = {2011.12.28}
}

@Misc{astro-ph/0501317,
  Title                    = {{Observation of the Ankle and Evidence for a High-Energy Break in the Cosmic Ray Spectrum}},

  Author                   = {{The High Resolution Fly's Eye Collaboration}},
  HowPublished             = {Phys.Lett.B619:271-280,2005},
  Year                     = {2005},

  Doi                      = {10.1016/j.physletb.2005.05.064},
  Eprint                   = {arXiv:astro-ph/0501317}
}

@Book{TufteDisplay,
  Title                    = {{The Visual Display of Quantitative Information}},
  Author                   = {Edward R. Tufte},
  Publisher                = {Graphics Press LLC},
  Year                     = {2007},
  Edition                  = {Second edition},
  Month                    = {August},

  Owner                    = {alex},
  Timestamp                = {2015.01.03}
}

@Article{PhysRevD.83.054026,
  Title                    = {{Hadronic multiparticle production at ultra-high energies and extensive air showers}},
  Author                   = {Ulrich, Ralf and Engel, Ralph and Unger, Michael},
  Journal                  = {Phys. Rev. D},
  Year                     = {2011},

  Month                    = {Mar},
  Pages                    = {054026},
  Volume                   = {83},

  Doi                      = {10.1103/PhysRevD.83.054026},
  Issue                    = {5},
  Numpages                 = {21},
  Publisher                = {American Physical Society},
  Url                      = {http://link.aps.org/doi/10.1103/PhysRevD.83.054026}
}

@Book{walck,
  Title                    = {{Hand-book on statistical distributions for experimentalists}},
  Author                   = {Christian Walck},
  Publisher                = {University of Stockholm},
  Year                     = {2007},

  Address                  = {Stockholm},

  Owner                    = {alex},
  Timestamp                = {2014.12.02}
}

@MastersThesis{weseler2010,
  Title                    = {{Messung des Flusses kosmischer Strahlung bei 1 EeV mit dem 750 m Infill Detektorfeld}},
  Author                   = {Jan Weseler},
  School                   = {Karlsruhe Institute of Technology},
  Year                     = {2010},

  Address                  = {Karlsruhe},
  Month                    = {Juni},

  Owner                    = {alex},
  Timestamp                = {2011.12.30}
}

@MastersThesis{will2009,
  Title                    = {{Influence of Humidity on the Development and Reconstruction of Extensive Air Showers at the Pierre Auger Observatory}},
  Author                   = {Martin Will},
  School                   = {Karlsruhe Institute of Technology},
  Year                     = {2009},

  Address                  = {Karlsruhe},

  Owner                    = {alex},
  Timestamp                = {2011.12.28}
}

@Manual{nloptman,
  Title                    = {{NLopt} - library for non-linear optimization},

  Address                  = {http://ab-initio.mit.edu/wiki/},

  Owner                    = {alex},
  Timestamp                = {2012.01.03},
  Url                      = {http://ab-initio.mit.edu/wiki/index.php/NLopt_manual}
}

@Proceedings{AugerICRC2013,
  Title                    = {{The Pierre Auger Observatory: Contributions to the 33rd International Cosmic Ray Conference (ICRC 2013)}},
  Year                     = {2013},

  Address                  = {Rio de Janeiro, Brazil},
  Organization             = {The Pierre Auger Collaboration},
  Publisher                = {ICRC 2013},

  Owner                    = {alex},
  Timestamp                = {2014.02.12}
}

@Article{templates2013,
  Title                    = {{Reinterpreting the development of extensive air showers initiated by nuclei and photons}},
  Author                   = {Manlio De Domenico and Mariangela Settimo and Simone Riggi and Eric Bertin},
  Journal                  = {J. Cosmol. Astropart. Phys.},
  Year                     = {2013},

  Month                    = {Jul},
  Pages                    = {050},
  Volume                   = {2013},
  Number                   = {07},

  Doi                      = {10.1088/1475-7516/2013/07/050},
  Url                      = {http://stacks.iop.org/1475-7516/2013/i=07/a=050}
}

@Article{profile-likelihood,
Title                     = {{Limits and confidence intervals in the presence of nuisance parameters}},
Author                    = {Wolfgang A. Rolke and Angel M. López and Jan Conrad},
Journal                   = {Nucl. Instrum. Methods Phys. Res., Sect. A},
Year                      = {2005},

Volume                    = {551},
Pages                     = {494},

Doi                       = {10.1016/j.nima.2005.05.068},
Url                       = {http://www.sciencedirect.com/science/article/pii/S016890020501291X},
}

@Article{Rav:2016r,
  Title                    = {{Reconstruction of air shower muon densities using segmented counters with time
resolution}},
  Author                   = {D. Ravignani and A. D. Supanitsky and D. Melo},
  Journal                  = {Astropart. Phys.},
  Year                     = {2016},
  Number                   = {},
  Pages                    = {108-116},
  Volume                   = {82},

  Archiveprefix            = {arXiv},
  Collaboration            = {Pierre Auger},
  Doi                      = {10.1016/j.astropartphys.2016.06.001},
  Primaryclass             = {astro-ph.IM},
}
@article{1748-0221-11-02-P02012,
  author={A. Aab },
  title={Prototype muon detectors for the AMIGA component of the Pierre Auger Observatory},
  journal={Journal of Instrumentation},
  volume={11},
  number={02},
  pages={P02012},
  url={http://stacks.iop.org/1748-0221/11/i=02/a=P02012},
  year={2016}
}
@Misc{ssd,
  Title                    = {{Scintillator Surface Detectors of the Engineering Array: Production and Validation}},

  Author                   = {N. Barenthien and H.Bolz and K. Daumiller and R. Engel and H. Kern and M. Keßler and J. Maintok and H.-J. Mathes and M. Riegel and M. Roth and A. Schulz and R. Smida and A. Streich and D. Veberic and G. Worner},
  HowPublished             = {Auger internal note GAP-2016-0840},
  Year                     = {2016},

  Owner                    = {alex},
  Timestamp                = {2016.12.20}
} 
@PhdThesis{phdschulz,
  Title                    = {{Measurement of the Energy Spextrum and Mass Composition of Ultra-high Energy Cosmic Rays}},
  Author                   = {Alexander Schulz},
  School                   = {Karlsruhe Institute of Technology},
  Year                     = {2016},
  Type                     = {Dissertation},

  Owner                    = {ariel},
  Timestamp                = {2017.01.09}
}
